<?xml version="1.0" encoding="UTF-8"?><collection xmlns="http://www.loc.gov/MARC21/slim"><record><leader>00487nam--2200145-i-4500</leader><controlfield tag="001">000005384</controlfield><controlfield tag="002">20161230</controlfield><controlfield tag="005">20170222001344</controlfield><controlfield tag="008">060222s1000------------r-----000-0-eng-d</controlfield><datafield ind1=" " ind2=" " tag="245"><subfield code="a">Annual revies in automatic programming. Papers read at the working conference on automatic programming of digital computers held at Brighton, 1-3 April 1959</subfield></datafield><datafield ind1=" " ind2=" " tag="260"><subfield code="a">London</subfield><subfield code="b">Pergamon Press</subfield><subfield code="c">1960</subfield></datafield><datafield ind1=" " ind2=" " tag="300"><subfield code="a">XI + 300 p</subfield></datafield><datafield ind1=" " ind2=" " tag="700"><subfield code="a">Goodman, Richard</subfield></datafield><datafield ind1=" " ind2=" " tag="852"><subfield code="a">15903</subfield></datafield><datafield ind1=" " ind2=" " tag="CAT"><subfield code="a">SYS</subfield><subfield code="c">20170222</subfield><subfield code="h">001344</subfield></datafield></record></collection>